% Use this file for citations not found in the ACL Anthology (contained in "anthology.bib").

@misc{madotto2020adapterbot,
      title={The Adapter-Bot: All-In-One Controllable Conversational Model}, 
      author={Andrea Madotto and Zhaojiang Lin and Yejin Bang and Pascale Fung},
      year={2020},
      eprint={2008.12579},
      archivePrefix={arXiv},
      primaryClass={cs.CL}
}

@misc{houlsby2019parameterefficient,
      title={Parameter-Efficient Transfer Learning for NLP}, 
      author={Neil Houlsby and Andrei Giurgiu and Stanislaw Jastrzebski and Bruna Morrone and Quentin de Laroussilhe and Andrea Gesmundo and Mona Attariyan and Sylvain Gelly},
      year={2019},
      eprint={1902.00751},
      archivePrefix={arXiv},
      primaryClass={cs.LG}
}

@article{zhao2017learning,
  title={Learning discourse-level diversity for neural dialog models using conditional variational autoencoders},
  author={Zhao, Tiancheng and Zhao, Ran and Eskenazi, Maxine},
  journal={arXiv preprint arXiv:1703.10960},
  year={2017}
}

@article{see2019makes,
  title={What makes a good conversation? how controllable attributes affect human judgments},
  author={See, Abigail and Roller, Stephen and Kiela, Douwe and Weston, Jason},
  journal={arXiv preprint arXiv:1902.08654},
  year={2019}
}

@inproceedings{zhang2018learning,
  title={Learning to control the specificity in neural response generation},
  author={Zhang, Ruqing and Guo, Jiafeng and Fan, Yixing and Lan, Yanyan and Xu, Jun and Cheng, Xueqi},
  booktitle={Proceedings of the 56th Annual Meeting of the Association for Computational Linguistics (Volume 1: Long Papers)},
  pages={1108--1117},
  year={2018}
}

@misc{stickland2019bert,
      title={BERT and PALs: Projected Attention Layers for Efficient Adaptation in Multi-Task Learning}, 
      author={Asa Cooper Stickland and Iain Murray},
      year={2019},
      eprint={1902.02671},
      archivePrefix={arXiv},
      primaryClass={cs.LG}
}

@article{mahabadi2021parameter,
  title={Parameter-efficient Multi-task Fine-tuning for Transformers via Shared Hypernetworks},
  author={Mahabadi, Rabeeh Karimi and Ruder, Sebastian and Dehghani, Mostafa and Henderson, James},
  journal={arXiv preprint arXiv:2106.04489},
  year={2021}
}

@inproceedings{xie2021empathetic,
  title={Empathetic Dialog Generation with Fine-Grained Intents},
  author={Xie, Yubo and Pu, Pearl},
  booktitle={Proceedings of the 25th Conference on Computational Natural Language Learning},
  pages={133--147},
  year={2021}
}

@inproceedings{zhan2021colv,
  title={CoLV: A Collaborative Latent Variable Model for Knowledge-Grounded Dialogue Generation},
  author={Zhan, Haolan and Shen, Lei and Chen, Hongshen and Zhang, Hainan},
  booktitle={Proceedings of the 2021 Conference on Empirical Methods in Natural Language Processing},
  pages={2250--2261},
  year={2021}
}

@inproceedings{xu2021generating,
  title={Generating Informative Dialogue Responses with Keywords-Guided Networks},
  author={Xu, Heng-Da and Mao, Xian-Ling and Chi, Zewen and Sun, Fanshu and Zhu, Jingjing and Huang, Heyan},
  booktitle={CCF International Conference on Natural Language Processing and Chinese Computing},
  pages={179--192},
  year={2021},
  organization={Springer}
}

@article{xu2021retrieval,
  title={Retrieval-free knowledge-grounded dialogue response generation with adapters},
  author={Xu, Yan and Ishii, Etsuko and Cahyawijaya, Samuel and Liu, Zihan and Winata, Genta Indra and Madotto, Andrea and Su, Dan and Fung, Pascale},
  journal={arXiv preprint arXiv:2105.06232},
  year={2021}
}

@article{kumar2021controllable,
  title={Controllable Response Generation for Assistive Use-cases},
  author={Kumar, Shachi H and Su, Hsuan and Manuvinakurike, Ramesh and Sahay, Saurav and Nachman, Lama},
  journal={arXiv preprint arXiv:2112.02246},
  year={2021}
}

@article{gupta2020controlling,
  title={Controlling dialogue generation with semantic exemplars},
  author={Gupta, Prakhar and Bigham, Jeffrey P and Tsvetkov, Yulia and Pavel, Amy},
  journal={arXiv preprint arXiv:2008.09075},
  year={2020}
}

@article{madotto2020plug,
  title={Plug-and-play conversational models},
  author={Madotto, Andrea and Ishii, Etsuko and Lin, Zhaojiang and Dathathri, Sumanth and Fung, Pascale},
  journal={arXiv preprint arXiv:2010.04344},
  year={2020}
}

@misc{hu2021controllable,
      title={Controllable Dialogue Generation with Disentangled Multi-grained Style Specification and Attribute Consistency Reward}, 
      author={Zhe Hu and Zhiwei Cao and Hou Pong Chan and Jiachen Liu and Xinyan Xiao and Jinsong Su and Hua Wu},
      year={2021},
      eprint={2109.06717},
      archivePrefix={arXiv},
      primaryClass={cs.CL}
}

@misc{wu2021controllable,
      title={A Controllable Model of Grounded Response Generation}, 
      author={Zeqiu Wu and Michel Galley and Chris Brockett and Yizhe Zhang and Xiang Gao and Chris Quirk and Rik Koncel-Kedziorski and Jianfeng Gao and Hannaneh Hajishirzi and Mari Ostendorf and Bill Dolan},
      year={2021},
      eprint={2005.00613},
      archivePrefix={arXiv},
      primaryClass={cs.CL}
}

@article{roller2020recipes,
  title={Recipes for building an open-domain chatbot},
  author={Roller, Stephen and Dinan, Emily and Goyal, Naman and Ju, Da and Williamson, Mary and Liu, Yinhan and Xu, Jing and Ott, Myle and Shuster, Kurt and Smith, Eric M and others},
  journal={arXiv preprint arXiv:2004.13637},
  year={2020}
}

@article{dinan2018wizard,
  title={Wizard of wikipedia: Knowledge-powered conversational agents},
  author={Dinan, Emily and Roller, Stephen and Shuster, Kurt and Fan, Angela and Auli, Michael and Weston, Jason},
  journal={arXiv preprint arXiv:1811.01241},
  year={2018}
}

@article{konrad2021alquist,
  title={Alquist 4.0: Towards Social Intelligence Using Generative Models and Dialogue Personalization},
  author={Konr{\'a}d, Jakub and Pichl, Jan and Marek, Petr and Lorenc, Petr and Ta, Van Duy and Kobza, Ond{\v{r}}ej and H{\`y}lov{\'a}, Lenka and {\v{S}}ediv{\`y}, Jan},
  journal={arXiv preprint arXiv:2109.07968},
  year={2021}
}

@inproceedings{Chi2021NeuralNE,
  title={Neural, Neural Everywhere: Controlled Generation Meets Scaffolded, Structured DialoguÂ‡},
  author={Ethan A. Chi and Chetanya Rastogi and Alexander Iyabor and Hari Sowrirajan and Avanika Narayan and Ashwin Paranjape},
  year={2021}
}

@misc{saha2021proto,
      title={Proto: A Neural Cocktail for Generating Appealing Conversations}, 
      author={Sougata Saha and Souvik Das and Elizabeth Soper and Erin Pacquetet and Rohini K. Srihari},
      year={2021},
      eprint={2109.02513},
      archivePrefix={arXiv},
      primaryClass={cs.CL}
}

@misc{zhang2020dialogpt,
      title={DialoGPT: Large-Scale Generative Pre-training for Conversational Response Generation}, 
      author={Yizhe Zhang and Siqi Sun and Michel Galley and Yen-Chun Chen and Chris Brockett and Xiang Gao and Jianfeng Gao and Jingjing Liu and Bill Dolan},
      year={2020},
      eprint={1911.00536},
      archivePrefix={arXiv},
      primaryClass={cs.CL}
}

@misc{li2017dailydialog,
      title={DailyDialog: A Manually Labelled Multi-turn Dialogue Dataset}, 
      author={Yanran Li and Hui Su and Xiaoyu Shen and Wenjie Li and Ziqiang Cao and Shuzi Niu},
      year={2017},
      eprint={1710.03957},
      archivePrefix={arXiv},
      primaryClass={cs.CL}
}

@article{9091843scenario,  
        author={Zhang, Yazhou and Zhao, Zhipeng and Wang, Panpan and Li, Xiang and Rong, Lu and Song, Dawei},  
        journal={IEEE Access},   
        title={ScenarioSA: A Dyadic Conversational Database for Interactive Sentiment Analysis},   
        year={2020},  
        volume={8},  
        number={},  
        pages={90652-90664},  
        doi={10.1109/ACCESS.2020.2994147}
}

@article{larsson2000information,
  title={Information state and dialogue management in the TRINDI dialogue move engine toolkit},
  author={Larsson, Staffan and Traum, David R},
  journal={Natural language engineering},
  volume={6},
  number={3 \& 4},
  pages={323--340},
  year={2000}
}
@article{bocklisch2017rasa,
  title={Rasa: Open source language understanding and dialogue management},
  author={Bocklisch, Tom and Faulkner, Joey and Pawlowski, Nick and Nichol, Alan},
  journal={arXiv preprint arXiv:1712.05181},
  year={2017}
}
@article{finch2020emora,
  title={Emora STDM: A Versatile Framework for Innovative Dialogue System Development},
  author={Finch, James D and Choi, Jinho D},
  journal={arXiv preprint arXiv:2006.06143},
  year={2020}
}
@article{abhishek2021transformer,
  title={Transformer models for text coherence assessment},
  author={Abhishek, Tushar and Rawat, Daksh and Gupta, Manish and Varma, Vasudeva},
  journal={arXiv preprint arXiv:2109.02176},
  year={2021}
}
@incollection{dinan2020second,
  title={The second conversational intelligence challenge (convai2)},
  author={Dinan, Emily and Logacheva, Varvara and Malykh, Valentin and Miller, Alexander and Shuster, Kurt and Urbanek, Jack and Kiela, Douwe and Szlam, Arthur and Serban, Iulian and Lowe, Ryan and others},
  booktitle={The NeurIPS'18 Competition},
  pages={187--208},
  year={2020},
  publisher={Springer}
}
@misc{zhou2019design,
      title={The Design and Implementation of XiaoIce, an Empathetic Social Chatbot}, 
      author={Li Zhou and Jianfeng Gao and Di Li and Heung-Yeung Shum},
      year={2019},
      eprint={1812.08989},
      archivePrefix={arXiv},
      primaryClass={cs.HC}
}
@inproceedings{wu-etal-2019-transferable,
    title = "Transferable Multi-Domain State Generator for Task-Oriented Dialogue Systems",
    author = "Wu, Chien-Sheng  and
      Madotto, Andrea  and
      Hosseini-Asl, Ehsan  and
      Xiong, Caiming  and
      Socher, Richard  and
      Fung, Pascale",
    booktitle = "Proceedings of the 57th Annual Meeting of the Association for Computational Linguistics",
    month = jul,
    year = "2019",
    address = "Florence, Italy",
    publisher = "Association for Computational Linguistics",
    url = "https://aclanthology.org/P19-1078",
    doi = "10.18653/v1/P19-1078",
    pages = "808--819",
}

